<?xml version="1.0" encoding="UTF-8"?><collection xmlns="http://www.loc.gov/MARC21/slim"><record><leader>00459nam--2200157-i-4500</leader><controlfield tag="001">000009320</controlfield><controlfield tag="002">20161230</controlfield><controlfield tag="005">20170114001225</controlfield><controlfield tag="008">060222s1000------------r-----000-0-eng-d</controlfield><datafield ind1=" " ind2=" " tag="080"><subfield code="a">621.039.7</subfield></datafield><datafield ind1=" " ind2=" " tag="245"><subfield code="a">Bituminization of radioactive wastes. Review of the present state of the development and industrial application</subfield></datafield><datafield ind1=" " ind2=" " tag="260"><subfield code="a">Vienna</subfield><subfield code="b">Iaea</subfield><subfield code="c">1970</subfield></datafield><datafield ind1=" " ind2=" " tag="300"><subfield code="a">135 p</subfield></datafield><datafield ind1=" " ind2=" " tag="490"><subfield code="a">Tchnical Reports Series</subfield></datafield><datafield ind1=" " ind2=" " tag="852"><subfield code="a">1875</subfield></datafield><datafield ind1=" " ind2=" " tag="CAT"><subfield code="a">SYS</subfield><subfield code="c">20170114</subfield><subfield code="h">001225</subfield></datafield></record></collection>